@article{knuth84,
  author = {Knuth, Donald E.},
  title = {Literate Programming},
  year = {1984},
  issue_date = {May 1984},
  publisher = {Oxford University Press, Inc.},
  address = {USA},
  volume = {27},
  number = {2},
  issn = {0010-4620},
  url = {https://doi.org/10.1093/comjnl/27.2.97},
  doi = {10.1093/comjnl/27.2.97},
  journal = {Comput. J.},
  month = may,
  pages = {97–111},
  numpages = {15}
}



@book{hübner2015,
	title = {Medien und Pädagogik: Gesichtspunkte zum Verständnis der Medien, Grundlagen einer anthroposophisch-anthropologischen Medienpädagogik},
	author = {{Hübner}, Edwin},
	year = {2015},
	date = {2015},
	publisher = {Pädag. Forschungsstelle beim Bund der Freien Waldorfsch},
	series = {Edition Waldorf},
	address = {Stuttgart},
	langid = {ger}
}

@book{steiner1967,
	title = {Menschenwerden, Weltenseele und Weltengeist},
	author = {Steiner, Rudolf},
	year = {1967},
	date = {1967},
	publisher = {Verlag der Rudolf Steiner-Nachlassverwaltung},
	volume = {GA 205},
	address = {Dornach/ Schweiz}
}

@book{steiner1965,
	title = {Der pädagogische Wert der Menschenerkenntnis und der Kulturwert der Pädagogik},
	author = {Steiner, Rudolf},
	year = {1965},
	date = {1965},
	publisher = {Verlag der Rudolf Steiner-Nachlassverwaltung},
	volume = {GA 310},
	edition = {3},
	address = {Dornach/Schweiz},
	langid = {ger}
}

@book{setzer1992,
	title = {Computer in der Schule?},
	author = {Setzer, Valdemar},
	year = {1992},
	date = {1992},
	publisher = {Verl. Freies Geistesleben},
	series = {Praxis Anthroposophie},
	volume = {12},
	address = {Stuttgart},
	langid = {ger}
}

@book{steiner1993,
	title = {Allgemeine Menschenkunde als Grundlage der Pädagogik},
	author = {Steiner, Rudolf},
	year = {1993},
	date = {1993},
	publisher = {Verlag der Rudolf Steiner-Nachlassverwaltung},
	volume = {GA 293},
	edition = {9},
	address = {Dornach/Schweiz}
}

@article{struwwel2019,
	title = {Struwwelpeter 2.0},
	editor = {{Arbeitskreis Medienmündigkeit und Waldorfpädagogik im Bund der Freien Waldorfschulen e.V.},  and {Aktion Mündige Schule e.V.}, },
	year = {2019},
	date = {2019},
	pages = {40},
	url = {https://www.waldorfschule.de/fileadmin/downloads/Blickpunkte_Reader/Struwwelpeter_2.0_August_2017.pdf},
	note = {Edition: 5
Place: Hamburg},
	langid = {ger}
}

@book{medienko2022,
	title = {Medienkompass},
	editor = {Bund der Freien Waldorfschulen, },
	year = {2022},
	date = {2022},
	edition = {4},
	url = {https://www.waldorfschule.de/paedagogik/medienkompass},
	address = {Berlin}
}

@book{ursprüng1990,
	title = {Ursprünge, Wesenszüge und Gefahren der Computertechnik},
	editor = {Mackensen, Manfred},
	year = {1990},
	date = {1990},
	publisher = {Bildungswerk Beruf und Umwelt},
	edition = {3},
	address = {Kassel}
}

@book{feierabend2019,
	title = {KIM-Studie 2018},
	author = {Feierabend, Sabine and Rathgeb, Thomas and Reutter, Theresa},
	year = {2019},
	date = {2019},
	url = {https://www.mpfs.de/fileadmin/files/Studien/KIM/2018/KIM-Studie_2018_web.pdf},
	note = {Place: Stuttgart
Publication Title: Kindheit, Internet, Medien}
}

@book{feierabend2018,
	title = {JIM-Studie 2018},
	author = {Feierabend, Sabine and Rathgeb, Thomas and Reutter, Theresa},
	year = {2018},
	date = {2018},
	url = {https://www.mpfs.de/fileadmin/files/Studien/JIM/2018/Studie/JIM_2018_Gesamt.pdf},
	address = {Stuttgart}
}

@book{feierabend2017,
	title = {FIM-Studie 2016},
	author = {Feierabend, Sabine and Plankenhorn, Theresa and Rathgeb, Thomas},
	year = {2017},
	date = {2017},
	url = {https://www.mpfs.de/fileadmin/files/Studien/FIM/2016/FIM_2016_PDF_fuer_Website.pdf},
	address = {Stuttgart}
}

@misc{bundeszentralefürgesundheitlicheaufklärung2015,
	title = {Wie oft und wie lange? Empfehlungen zur Höchstdauer der Mediennutzung von Kindern},
	author = {{Bundeszentrale für gesundheitliche Aufklärung}, },
	year = {2015},
	date = {2015},
	url = {https://www.kindergesundheit-info.de/themen/medien/alltagstipps/mediennutzung/hoechstdauer}
}

@article{blikk-me2017,
	title = {BLIKK-Medien (Kurzbericht)},
	editor = {Die Drogenbeauftragte der Bundesregierung, },
	year = {2017},
	date = {2017},
	url = {https://www.bundesgesundheitsministerium.de/fileadmin/Dateien/5_Publikationen/Praevention/Berichte/Kurzbericht_BLIKK_Medien.pdf},
	note = {Publisher: Bundesministerium für Gesundheit}
}

@book{bleckmann2012,
	title = {Medienmündig},
	author = {Bleckmann, Paula},
	year = {2012},
	date = {2012},
	publisher = {Klett-Cotta},
	edition = {2},
	address = {Stuttgart},
	langid = {ger}
}

@article{jarzombek2011,
	title = {Zweiter Zwischenbericht der Enquete-Kommission {,,}Internet und digitale Gesellschaft{\textquotedblleft} Medienkompetenz},
	author = {Jarzombek, Thomas u. a.},
	year = {2011},
	date = {2011},
	url = {http://dipbt.bundestag.de/dip21/btd/17/072/1707286.pdf}
}

@book{cordes2002,
	title = {Die pädagogische Illusion},
	author = {Cordes, Colleen and Miller, Edward},
	year = {2002},
	date = {2002},
	publisher = {Verl. Freies Geistesleben},
	address = {Stuttgart},
	langid = {ger}
}

@book{weizenbaum1978,
	title = {Die Macht der Computer und die Ohnmacht der Vernunft},
	author = {Weizenbaum, Joseph},
	year = {1978},
	date = {1978},
	publisher = {Suhrkamp},
	series = {Suhrkamp-Taschenbuch Wissenschaft},
	address = {Frankfurt am Main},
	langid = {ger}
}

@article{kreye2019,
	title = {Macht süchtig},
	author = {Kreye, Andrian},
	year = {2019},
	month = {02},
	date = {2019-02-09},
	journal = {Süddeutsche Zeitung},
	pages = {3},
	url = {https://www.sueddeutsche.de/digital/fortnite-sucht-gaming-kinder-1.4322132},
	note = {Issue: 34
Publisher: Süddeutscher Verlag
Volume: 2019
3}
}

@book{schiller2000,
	title = {Über die ästhetische Erziehung des Menschen in einer Reihe von Briefen},
	author = {Schiller, Friedrich},
	editor = {Berghahn, Klaus L.},
	year = {2000},
	date = {2000},
	publisher = {Reclam},
	series = {Reclams Universal-Bibliothek},
	volume = {Nr. 18062},
	address = {Stuttgart},
	langid = {ger}
}

@book{renz-polster2013,
	title = {Wie Kinder heute wachsen},
	author = {Renz-Polster, Herbert and {Hüther}, Gerald},
	year = {2013},
	date = {2013},
	publisher = {Beltz},
	address = {Weinheim; Basel},
	langid = {ger}
}

@book{hüther2016,
	title = {Rettet das Spiel!},
	author = {{Hüther}, Gerald and Quarch, Christoph},
	year = {2016},
	date = {2016},
	publisher = {Carl Hanser Verlag},
	address = {München},
	langid = {ger}
}

@book{spitzer2012,
	title = {Digitale Demenz},
	author = {Spitzer, Manfred},
	year = {2012},
	date = {2012},
	publisher = {Droemer},
	address = {München},
	langid = {ger}
}

@book{schiffer2001,
	title = {Wie Gesundheit entsteht},
	author = {Schiffer, Eckhard},
	year = {2001},
	date = {2001},
	publisher = {Beltz},
	series = {Beltz-Taschenbuch Essay},
	volume = {90},
	address = {Weinheim},
	langid = {ger}
}
